@article{Gu2020EmpiricalAssetPricing,
   author = {Gu, Shihao and Kelly, Bryan and Xiu, Dacheng},
   title = {Empirical Asset Pricing via Machine Learning},
   journal = {The Review of Financial Studies},
   volume = {33},
   number = {5},
   pages = {2223--2273},
   year = {2020},
   url = {https://academic.oup.com/rfs/article/33/5/2223/5758276}
}

@article{Kurshan2021FairEthicalAI,
   author = {Kurshan, Eren and Chen, Jiahao and Storchan, Victor and Shen, Hongda},
   title = {On the Current and Emerging Challenges of Developing Fair and Ethical AI Solutions in Financial Services},
   journal = {Proceedings of the 2021 ACM Conference on Fairness, Accountability, and Transparency (FAccT)},
   year = {2021},
   url = {https://dl.acm.org/doi/abs/10.1145/3490354.3494408}
}

@book{James2021IntroStatLearning,
   author = {James, Gareth and Witten, Daniela and Hastie, Trevor},
   title = {An Introduction to Statistical Learning: with Applications in Python},
   publisher = {Springer},
   year = {2021},
   url = {https://books.google.com/books?hl=en&lr=&id=ygzJEAAAQBAJ&oi=fnd&pg=PR7&dq=An+Introduction+to+Statistical+Learning:+with+Applications+james&ots=Wzn6gPH1Ug&sig=OdIA1MmLGuAUp37siuFKeedqc-4#v=onepage&q=An%20Introduction%20to%20Statistical%20Learning%3A%20with%20Applications%20james&f=false}
}

@article{Hochreiter1997LSTM,
   author = {Hochreiter, Sepp and Schmidhuber, J{\"u}rgen},
   title = {Long Short-Term Memory},
   journal = {Neural Computation},
   volume = {9},
   number = {8},
   pages = {1735--1780},
   year = {1997},
   publisher = {MIT Press},
   url = {https://sophieeunajang.wordpress.com/wp-content/uploads/2020/10/lstm.pdf}
}

@article{Fischer2017LSTMFinance,
   author = {Fischer, Thomas and Krauss, Christopher},
   title = {Deep Learning with Long Short-Term Memory Networks for Financial Market Predictions},
   journal = {European Journal of Operational Research},
   volume = {270},
   number = {2},
   pages = {654--669},
   year = {2018},
   url = {https://www.sciencedirect.com/science/article/abs/pii/S0377221717310652}
}

@book{Bodie2014Essentials,
   author = {Bodie, Zvi and Kane, Alex and Marcus, Alan J.},
   title = {Essentials of Investments},
   publisher = {McGraw-Hill Education},
   year = {2014},
   url = {https://thuvienso.hoasen.edu.vn/handle/123456789/12009}
}

@inproceedings{Malhotra2015LSTMAnomaly,
   author = {Malhotra, Pankaj and Vig, Lovekesh and Shroff, Gautam and Agarwal, Puneet},
   title = {Long Short-Term Memory Networks for Anomaly Detection in Time Series},
   booktitle = {Proceedings of the European Symposium on Artificial Neural Networks, Computational Intelligence and Machine Learning (ESANN)},
   year = {2015},
   pages = {89--94},
   url = {https://books.google.com/books?hl=en&lr=&id=USGLCgAAQBAJ&oi=fnd&pg=PA89&dq=Long+short+term+memory+networks+for+anomaly+detection+in+time+series+malh&ots=FufcgoLZPN&sig=41K9oFcDUpupSSIJl4CB1UHIC8U#v=onepage&q=Long%20short%20term%20memory%20networks%20for%20anomaly%20detection%20in%20time%20series%20malh&f=false}
}

@article{Almiani2019IoTIntrusion,
   author = {Almiani, Muder and AbuGhazleh, Alia and Al-Rahayfeh, Amer and Atiewi, Saleh and Razaque, Abdul},
   title = {Deep Recurrent Neural Network for IoT Intrusion Detection System},
   journal = {Engineering Applications of Artificial Intelligence},
   volume = {84},
   pages = {105778},
   year = {2019},
   url = {https://www.sciencedirect.com/science/article/abs/pii/S1569190X19301625}
}

@article{Rizinski2022EthicalMLFintech,
   author = {Rizinski, Maryan and Peshov, Hristijan and Mishev, Kostadin and Chitkushev, Lubomir T. and Vodenska, Irena and Trajanov, Dimitar},
   title = {Ethically Responsible Machine Learning in Fintech},
   journal = {IEEE Access},
   publisher = {IEEE},
   year = {2022},
   url = {https://ieeexplore.ieee.org/document/9869843}
}

@article{Ash2019WarmStarting,
   author = {Ash, Jordan T. and Adams, Ryan P.},
   title = {On Warm-Starting Neural Network Training},
   journal = {arXiv preprint arXiv:1910.08475},
   year = {2019},
   url = {https://arxiv.org/abs/1910.08475}
}

@article{Passalis2021RobustNormalization,
   author = {Passalis, Nikolaos and Kanniainen, Juho and Gabbouj, Moncef and Iosifidis, Alexandros and Tefas, Anastasios},
   title = {Forecasting Financial Time Series Using Robust Deep Adaptive Input Normalization},
   journal = {Journal of Signal Processing Systems},
   volume = {93},
   pages = {1235--1251},
   year = {2021},
   doi = {10.1007/s11265-020-01624-0},
   url = {https://link.springer.com/article/10.1007/s11265-020-01624-0}
}

@article{Zhan2024SlidingWindow,
   author = {Zhan, Zeqiye and Kim, Song-Kyoo},
   title = {Versatile Time-Window Sliding Machine Learning Techniques for Stock Market Forecasting},
   journal = {Artificial Intelligence Review},
   volume = {57},
   article-number = {209},
   year = {2024},
   doi = {10.1007/s10462-024-10851-x},
   url = {https://link.springer.com/article/10.1007/s10462-024-10851-x}
}

@article{Tlegenova2015ExchangeRates,
   author = {Tlegenova, Daniya},
   title = {Forecasting Exchange Rates Using Time Series Analysis: The Sample of the Currency of Kazakhstan},
   journal = {arXiv preprint arXiv:1508.07534},
   year = {2015},
   url = {https://arxiv.org/abs/1508.07534}
}

@inproceedings{Patel2024StockIndexPrediction,
   author = {Patel, Harshal and Bolla, Bharath Kumar and Sabeesh, E and Reddy, Dinesh},
   title = {Comparative Study of Predicting Stock Index Using Deep Learning Models},
   booktitle = {Recent Advances in Deep Learning Applications},
   pages = {47--60},
   year = {2024},
   publisher = {Springer},
   url = {https://link.springer.com/chapter/10.1007/978-3-031-48888-7_4}
}
